<record><leader>00000cas a22000007a 4500</leader><controlfield tag="001">24873357</controlfield><controlfield tag="008">911129d18971911ohuwr ne      0    0eng d</controlfield><datafield ind1=" " ind2=" " tag="010"><subfield code="a">sn 91069013 </subfield></datafield><datafield ind1=" " ind2=" " tag="040"><subfield code="a">ONP</subfield><subfield code="b">eng</subfield><subfield code="c">ONP</subfield><subfield code="d">NVF</subfield><subfield code="d">OCLCQ</subfield><subfield code="d">OCLCF</subfield><subfield code="d">OCLCO</subfield></datafield><datafield ind1="1" ind2=" " tag="029"><subfield code="a">AU@</subfield><subfield code="b">000025864069</subfield></datafield><datafield ind1=" " ind2=" " tag="042"><subfield code="a">msc</subfield></datafield><datafield ind1=" " ind2=" " tag="043"><subfield code="a">n-us-oh</subfield></datafield><datafield ind1="0" ind2="0" tag="245"><subfield code="a">New Philadelphia tribune.</subfield></datafield><datafield ind1=" " ind2=" " tag="260"><subfield code="a">New Philadelphia, Ohio :</subfield><subfield code="b">W.A. Korns,</subfield><subfield code="c">1897-1911.</subfield></datafield><datafield ind1=" " ind2=" " tag="300"><subfield code="a">v.</subfield></datafield><datafield ind1=" " ind2=" " tag="310"><subfield code="a">Weekly</subfield></datafield><datafield ind1="0" ind2=" " tag="362"><subfield code="a">Vol. 5, no. 1 (Mar. 31, 1897)-v. 19, no. 1 (Mar. 15, 1911).</subfield></datafield><datafield ind1=" " ind2="0" tag="651"><subfield code="a">New Philadelphia (Ohio)</subfield><subfield code="v">Newspapers.</subfield></datafield><datafield ind1=" " ind2="0" tag="651"><subfield code="a">Tuscarawas County (Ohio)</subfield><subfield code="v">Newspapers.</subfield></datafield><datafield ind1=" " ind2="7" tag="655"><subfield code="a">Newspapers.</subfield><subfield code="2">fast</subfield><subfield code="0">(OCoLC)fst01423814</subfield></datafield><datafield ind1=" " ind2="7" tag="651"><subfield code="a">Ohio</subfield><subfield code="z">New Philadelphia.</subfield><subfield code="2">fast</subfield><subfield code="0">(OCoLC)fst01224835</subfield></datafield><datafield ind1=" " ind2="7" tag="651"><subfield code="a">Ohio</subfield><subfield code="z">Tuscarawas County.</subfield><subfield code="2">fast</subfield><subfield code="0">(OCoLC)fst01214193</subfield></datafield><datafield ind1=" " ind2=" " tag="752"><subfield code="a">United States</subfield><subfield code="b">Ohio</subfield><subfield code="c">Tuscarawas</subfield><subfield code="d">New Philadelphia.</subfield></datafield><datafield ind1="0" ind2="0" tag="780"><subfield code="t">Tuscarawas tribune</subfield><subfield code="w">(DLC)sn 91069012</subfield></datafield><datafield ind1="0" ind2="7" tag="785"><subfield code="t">Tuscarawas advocate</subfield><subfield code="w">(DLC)sn 84028891</subfield></datafield><datafield ind1="0" ind2="7" tag="785"><subfield code="t">Advocate tribune (New Philadelphia, Ohio)</subfield><subfield code="w">(DLC)sn 84028895</subfield></datafield></record>